<?xml version="1.0" encoding="UTF-8"?><collection xmlns="http://www.loc.gov/MARC21/slim"><record><leader>00471nam--2200181-i-4500</leader><controlfield tag="001">000039840</controlfield><controlfield tag="002">20161230</controlfield><controlfield tag="005">20161230201042</controlfield><controlfield tag="008">060222s1000------------r-----000-0-eng-d</controlfield><datafield ind1=" " ind2=" " tag="040"><subfield code="a">IFIN-HH</subfield></datafield><datafield ind1=" " ind2=" " tag="080"><subfield code="a">539.2</subfield></datafield><datafield ind1="1" ind2=" " tag="100"><subfield code="a">Rudden, M.N</subfield></datafield><datafield ind1="1" ind2="0" tag="245"><subfield code="a">A simplified approach to solid state physics</subfield><subfield code="c">M.n. rudden, j. wilson</subfield></datafield><datafield ind1=" " ind2=" " tag="260"><subfield code="a">London</subfield><subfield code="b">Butterworts</subfield><subfield code="c">1971</subfield></datafield><datafield ind1=" " ind2=" " tag="300"><subfield code="a">VII + 187 P</subfield></datafield><datafield ind1="1" ind2=" " tag="700"><subfield code="a">Wilson, J</subfield></datafield><datafield ind1=" " ind2=" " tag="852"><subfield code="a">35748</subfield><subfield code="c">539.2</subfield></datafield><datafield ind1=" " ind2=" " tag="CAT"><subfield code="a">Sys</subfield><subfield code="c">20121019</subfield><subfield code="h">113720</subfield></datafield></record></collection>